@article{peterson1961crc,
  title={{Cyclic codes for error detection}},
  author={Peterson, WW and Brown, DT},
  journal={Proceedings of the IRE},
  volume={49},
  number={1},
  pages={228--235},
  issn={0096-8390},
  year={1961}
}

@article{tanenbaum2003compnet,
  title={{Компьютерные сети}},
  author={Таненбаум, Э.},
  year={2003},
  publisher={Питер}
}

@book{vasilev04netsoft,
  title={{Программное обеспечение современных компьютерных сетей}},
  author={Васильев, А.А. and Смирнова, Н.Н and Яшин, А.В.},
  publisher={Балт. гос. техн. ун-т СПб.},
  year={2004}
}
