@book{shoshmina09spin,
  title={{Введение в язык Promela и систему комлексной верификации Spin}},
  author={Шошмина, И.В. and Карпов, Ю.Г.},
  publisher={СПбГПУ},
  year={2009}
}

@book{karpov2010modelcheck
  title={{Model checking. Верификация параллельных и распределенных программных систем}},
  author={Карпов, Ю.Г.},
  isbn={9785977504041},
  url={http://books.google.com/books?id=fex0kgAACAAJ},
  year={2010},
  publisher={БХВ-Петербург}
}
